<record><leader>00000cas a22000007a 4500</leader><controlfield tag="001">22929687</controlfield><controlfield tag="008">910107d19041924mauwr ne      0    0eng d</controlfield><datafield ind1=" " ind2=" " tag="010"><subfield code="a">sn 89063422 </subfield></datafield><datafield ind1=" " ind2=" " tag="040"><subfield code="a">MGN</subfield><subfield code="b">eng</subfield><subfield code="c">MGN</subfield><subfield code="d">CNW</subfield><subfield code="d">OCLCQ</subfield></datafield><datafield ind1=" " ind2=" " tag="042"><subfield code="a">msc</subfield></datafield><datafield ind1="0" ind2=" " tag="130"><subfield code="a">Webster times (Webster, Mass. : 1904)</subfield></datafield><datafield ind1="1" ind2="4" tag="245"><subfield code="a">The Webster times.</subfield></datafield><datafield ind1=" " ind2=" " tag="260"><subfield code="a">Webster, Mass. :</subfield><subfield code="b">Webster Press</subfield></datafield><datafield ind1=" " ind2=" " tag="300"><subfield code="a">v.</subfield></datafield><datafield ind1=" " ind2=" " tag="310"><subfield code="a">Weekly</subfield></datafield><datafield ind1="0" ind2=" " tag="362"><subfield code="a">Jan. 1, 1904-v. 66, no. 4 (Apr. 17, 1924) ; v. 1, no. 5 (Apr. 24, 1924)-v. 1, no. 6 (May 1, 1924) ; v. 65, no. 7 (May 8, 1924)-</subfield></datafield><datafield ind1="1" ind2=" " tag="362"><subfield code="a">Ceased in 1924?</subfield></datafield><datafield ind1=" " ind2=" " tag="580"><subfield code="a">Daily eds.: Webster daily times, 1904, and: Webster evening times (Webster, Mass. 1904), 1904, and: Webster evening times (Webster, Mass. : 1923), 1923-1924.</subfield></datafield><datafield ind1=" " ind2=" " tag="580"><subfield code="a">Other eds. available: Charlton herald, and: Oxford journal, and: Southbridge Sunday sentinel, and: Thompson news (Webster, Mass.) and: Woodstock gazette.</subfield></datafield><datafield ind1=" " ind2="4" tag="651"><subfield code="a">Webster (Mass.)</subfield><subfield code="v">Newspapers.</subfield></datafield><datafield ind1=" " ind2=" " tag="752"><subfield code="a">United States</subfield><subfield code="b">Massachusetts</subfield><subfield code="c">Worcester</subfield><subfield code="d">Webster.</subfield></datafield><datafield ind1="1" ind2=" " tag="775"><subfield code="t">Webster daily times</subfield><subfield code="w">(DLC)sn 89063420</subfield></datafield><datafield ind1="1" ind2=" " tag="775"><subfield code="t">Webster evening times (Webster, Mass. : 1903)</subfield><subfield code="w">(DLC)sn 89063421</subfield></datafield><datafield ind1="1" ind2=" " tag="775"><subfield code="t">Webster evening times (Webster, Mass. : 1923)</subfield><subfield code="w">(DLC)sn 89063423</subfield></datafield><datafield ind1="1" ind2=" " tag="775"><subfield code="t">Charlton herald</subfield></datafield><datafield ind1="1" ind2=" " tag="775"><subfield code="t">Oxford journal</subfield><subfield code="w">(DLC)sn 89062502</subfield><subfield code="w">(OCoLC)93053848</subfield></datafield><datafield ind1="1" ind2=" " tag="775"><subfield code="t">Southbridge Sunday sentinel</subfield></datafield><datafield ind1="1" ind2=" " tag="775"><subfield code="t">Thompson news (Webster, Mass.)</subfield><subfield code="w">(DLC)sn 93053848</subfield><subfield code="w">(OCoLC)27953570</subfield></datafield><datafield ind1="1" ind2=" " tag="775"><subfield code="t">Woodstock gazette</subfield><subfield code="w">(DLC)sn 93053903</subfield><subfield code="w">(OCoLC)27953584</subfield></datafield><datafield ind1="1" ind2=" " tag="029"><subfield code="a">AU@</subfield><subfield code="b">000025852457</subfield></datafield></record>